%% This BibTeX bibliography file was created using BibDesk.
%% http://bibdesk.sourceforge.net/


%% Created for Pierre-louis Stenger at 2016-06-14 14:19:20 +0200 


%% Saved with string encoding Unicode (UTF-8) 



@article{peltier2012significance,
	Author = {Peltier, H and Dabin, W and Daniel, P and Van Canneyt, O and Dor{\'e}mus, G and Huon, M and Ridoux, V},
	Date-Added = {2016-06-14 11:59:25 +0000},
	Date-Modified = {2016-06-14 12:17:55 +0000},
	Journal = {Ecological Indicators},
	Pages = {278--290},
	Publisher = {Elsevier},
	Volume = {18},
	Year = {2012}}

@article{jombart2008,
	Author = {Jombart, Thibaut},
	Date-Added = {2016-06-13 20:25:46 +0000},
	Date-Modified = {2016-06-14 12:17:30 +0000},
	Journal = {Bioinformatics},
	Pages = {1403--1405},
	Volume = {24},
	Year = {2008},
	Bdsk-File-1 = {YnBsaXN0MDDUAQIDBAUGJCVYJHZlcnNpb25YJG9iamVjdHNZJGFyY2hpdmVyVCR0b3ASAAGGoKgHCBMUFRYaIVUkbnVsbNMJCgsMDxJXTlMua2V5c1pOUy5vYmplY3RzViRjbGFzc6INDoACgAOiEBGABIAFgAdccmVsYXRpdmVQYXRoWWFsaWFzRGF0YV8QKC4uLy4uL1JhcHBvcnQvQmlibGlvZ3JhcGhpZS9hZGVnZW5ldC5wZGbSFwsYGVdOUy5kYXRhTxECGgAAAAACGgACAAAMTWFjaW50b3NoIEhEAAAAAAAAAAAAAAAAAAAAz9QyIEgrAAAAjWqYDGFkZWdlbmV0LnBkZgAAAAAAAAAAAAAAAAAAAAAAAAAAAAAAAAAAAAAAAAAAAAAAAAAAAAAAAAAAAAAAAAAAAACiVYHTce6eAAAAAAAAAAAAAgADAAAJIAAAAAAAAAAAAAAAAAAAAA1CaWJsaW9ncmFwaGllAAAQAAgAAM/UFgAAAAARAAgAANNx0n4AAAABACQAjWqYAHshlQAmvuoAKwAzAAo/ewAKPp8ACTZsAAk2awACZvkAAgB5TWFjaW50b3NoIEhEOlVzZXJzOgBwaWVycmUtbG91aXNzdGVuZ2VyOgBEb2N1bWVudHM6AENvdXJzIGZhYzoATWFzdGVyOgBTMzoAU3RhZ2UgTTI6AFJhcHBvcnQ6AEJpYmxpb2dyYXBoaWU6AGFkZWdlbmV0LnBkZgAADgAaAAwAYQBkAGUAZwBlAG4AZQB0AC4AcABkAGYADwAaAAwATQBhAGMAaQBuAHQAbwBzAGgAIABIAEQAEgBjVXNlcnMvcGllcnJlLWxvdWlzc3Rlbmdlci9Eb2N1bWVudHMvQ291cnMgZmFjL01hc3Rlci9TMy9TdGFnZSBNMi9SYXBwb3J0L0JpYmxpb2dyYXBoaWUvYWRlZ2VuZXQucGRmAAATAAEvAAAVAAIAGv//AACABtIbHB0eWiRjbGFzc25hbWVYJGNsYXNzZXNdTlNNdXRhYmxlRGF0YaMdHyBWTlNEYXRhWE5TT2JqZWN00hscIiNcTlNEaWN0aW9uYXJ5oiIgXxAPTlNLZXllZEFyY2hpdmVy0SYnVHJvb3SAAQAIABEAGgAjAC0AMgA3AEAARgBNAFUAYABnAGoAbABuAHEAcwB1AHcAhACOALkAvgDGAuQC5gLrAvYC/wMNAxEDGAMhAyYDMwM2A0gDSwNQAAAAAAAAAgEAAAAAAAAAKAAAAAAAAAAAAAAAAAAAA1I=}}

@article{durand2009,
	Author = {Durand, E. and Jay, F. and Gaggiotti, O.E. and Fran{\c c}ois, O.},
	Date-Added = {2016-06-13 20:25:37 +0000},
	Date-Modified = {2016-06-14 12:17:20 +0000},
	Journal = {Molecular Biology \& Evolution},
	Pages = {1963--1973},
	Volume = {26},
	Year = {2009},
	Bdsk-File-1 = {YnBsaXN0MDDUAQIDBAUGJCVYJHZlcnNpb25YJG9iamVjdHNZJGFyY2hpdmVyVCR0b3ASAAGGoKgHCBMUFRYaIVUkbnVsbNMJCgsMDxJXTlMua2V5c1pOUy5vYmplY3RzViRjbGFzc6INDoACgAOiEBGABIAFgAdccmVsYXRpdmVQYXRoWWFsaWFzRGF0YV8QJC4uLy4uL1JhcHBvcnQvQmlibGlvZ3JhcGhpZS9UZXNzLnBkZtIXCxgZV05TLmRhdGFPEQIKAAAAAAIKAAIAAAxNYWNpbnRvc2ggSEQAAAAAAAAAAAAAAAAAAADP1DIgSCsAAACNapgIVGVzcy5wZGYAAAAAAAAAAAAAAAAAAAAAAAAAAAAAAAAAAAAAAAAAAAAAAAAAAAAAAAAAAAAAAAAAAAAAAAAAAKJUD9Nx7PsAAAAAAAAAAAACAAMAAAkgAAAAAAAAAAAAAAAAAAAADUJpYmxpb2dyYXBoaWUAABAACAAAz9QWAAAAABEACAAA03HQ2wAAAAEAJACNapgAeyGVACa+6gArADMACj97AAo+nwAJNmwACTZrAAJm+QACAHVNYWNpbnRvc2ggSEQ6VXNlcnM6AHBpZXJyZS1sb3Vpc3N0ZW5nZXI6AERvY3VtZW50czoAQ291cnMgZmFjOgBNYXN0ZXI6AFMzOgBTdGFnZSBNMjoAUmFwcG9ydDoAQmlibGlvZ3JhcGhpZToAVGVzcy5wZGYAAA4AEgAIAFQAZQBzAHMALgBwAGQAZgAPABoADABNAGEAYwBpAG4AdABvAHMAaAAgAEgARAASAF9Vc2Vycy9waWVycmUtbG91aXNzdGVuZ2VyL0RvY3VtZW50cy9Db3VycyBmYWMvTWFzdGVyL1MzL1N0YWdlIE0yL1JhcHBvcnQvQmlibGlvZ3JhcGhpZS9UZXNzLnBkZgAAEwABLwAAFQACABr//wAAgAbSGxwdHlokY2xhc3NuYW1lWCRjbGFzc2VzXU5TTXV0YWJsZURhdGGjHR8gVk5TRGF0YVhOU09iamVjdNIbHCIjXE5TRGljdGlvbmFyeaIiIF8QD05TS2V5ZWRBcmNoaXZlctEmJ1Ryb290gAEACAARABoAIwAtADIANwBAAEYATQBVAGAAZwBqAGwAbgBxAHMAdQB3AIQAjgC1ALoAwgLQAtIC1wLiAusC+QL9AwQDDQMSAx8DIgM0AzcDPAAAAAAAAAIBAAAAAAAAACgAAAAAAAAAAAAAAAAAAAM+}}

@article{pritchard2000,
	Author = {Pritchard, Jonathan K. and Stephens, Matthew and Donnelly, Peter},
	Date-Added = {2016-06-13 20:25:30 +0000},
	Date-Modified = {2016-06-14 12:18:03 +0000},
	Journal = {Genetics},
	Pages = {945--959},
	Volume = {155},
	Year = {2000},
	Bdsk-File-1 = {YnBsaXN0MDDUAQIDBAUGJCVYJHZlcnNpb25YJG9iamVjdHNZJGFyY2hpdmVyVCR0b3ASAAGGoKgHCBMUFRYaIVUkbnVsbNMJCgsMDxJXTlMua2V5c1pOUy5vYmplY3RzViRjbGFzc6INDoACgAOiEBGABIAFgAdccmVsYXRpdmVQYXRoWWFsaWFzRGF0YV8QLy4uLy4uL1JhcHBvcnQvQmlibGlvZ3JhcGhpZS9Qcml0Y2hhcmRFdEFsMDAucGRm0hcLGBlXTlMuZGF0YU8RAjQAAAAAAjQAAgAADE1hY2ludG9zaCBIRAAAAAAAAAAAAAAAAAAAAM/UMiBIKwAAAI1qmBNQcml0Y2hhcmRFdEFsMDAucGRmAAAAAAAAAAAAAAAAAAAAAAAAAAAAAAAAAAAAAAAAAAAAAAAAAAAAAAAAAAAAolLp03Hr3QAAAAAAAAAAAAIAAwAACSAAAAAAAAAAAAAAAAAAAAANQmlibGlvZ3JhcGhpZQAAEAAIAADP1BYAAAAAEQAIAADTcc+9AAAAAQAkAI1qmAB7IZUAJr7qACsAMwAKP3sACj6fAAk2bAAJNmsAAmb5AAIAgE1hY2ludG9zaCBIRDpVc2VyczoAcGllcnJlLWxvdWlzc3RlbmdlcjoARG9jdW1lbnRzOgBDb3VycyBmYWM6AE1hc3RlcjoAUzM6AFN0YWdlIE0yOgBSYXBwb3J0OgBCaWJsaW9ncmFwaGllOgBQcml0Y2hhcmRFdEFsMDAucGRmAA4AKAATAFAAcgBpAHQAYwBoAGEAcgBkAEUAdABBAGwAMAAwAC4AcABkAGYADwAaAAwATQBhAGMAaQBuAHQAbwBzAGgAIABIAEQAEgBqVXNlcnMvcGllcnJlLWxvdWlzc3Rlbmdlci9Eb2N1bWVudHMvQ291cnMgZmFjL01hc3Rlci9TMy9TdGFnZSBNMi9SYXBwb3J0L0JpYmxpb2dyYXBoaWUvUHJpdGNoYXJkRXRBbDAwLnBkZgATAAEvAAAVAAIAGv//AACABtIbHB0eWiRjbGFzc25hbWVYJGNsYXNzZXNdTlNNdXRhYmxlRGF0YaMdHyBWTlNEYXRhWE5TT2JqZWN00hscIiNcTlNEaWN0aW9uYXJ5oiIgXxAPTlNLZXllZEFyY2hpdmVy0SYnVHJvb3SAAQAIABEAGgAjAC0AMgA3AEAARgBNAFUAYABnAGoAbABuAHEAcwB1AHcAhACOAMAAxQDNAwUDBwMMAxcDIAMuAzIDOQNCA0cDVANXA2kDbANxAAAAAAAAAgEAAAAAAAAAKAAAAAAAAAAAAAAAAAAAA3M=}}

@article{schipper2008status,
	Author = {Schipper, Jan and Chanson, Janice S and Chiozza, Federica and Cox, Neil A and Hoffmann, Michael and Katariya, Vineet and Lamoreux, John and Rodrigues, Ana SL and Stuart, Simon N and Temple, Helen J and others},
	Date-Added = {2016-06-11 13:29:56 +0000},
	Date-Modified = {2016-06-14 12:18:06 +0000},
	Journal = {Science},
	Pages = {225--230},
	Volume = {322},
	Year = {2008}}

@article{pimm2014aa,
	Abstract = {Recent studies clarify where the most vulnerable species live, where and how humanity changes the planet, and how this drives extinctions. We assess key statistics about species, their distribution, and their status. Most are undescribed. Those we know best have large geographical ranges and are often common within them. Most known species have small ranges. The numbers of small-ranged species are increasing quickly, even in well-known taxa. They are geographically concentrated and are disproportionately likely to be threatened or already extinct. Current rates of extinction are about 1000 times the likely background rate of extinction. Future rates depend on many factors and are poised to increase. Although there has been rapid progress in developing protected areas, such efforts are not ecologically representative, nor do they optimally protect biodiversity.},
	Author = {Pimm, S L and Jenkins, C N and Abell, R and Brooks, T M and Gittleman, J L and Joppa, L N and Raven, P H and Roberts, C M and Sexton, J O},
	Date-Added = {2016-06-11 13:19:26 +0000},
	Date-Modified = {2016-06-14 12:18:00 +0000},
	Journal = {Science},
	Journal-Full = {Science (New York, N.Y.)},
	Mesh = {Animals; Biodiversity; Conservation of Natural Resources; Endangered Species; Extinction, Biological; Geography; Humans; Population Dynamics},
	Month = {May},
	Pages = {887--899},
	Pmid = {24876501},
	Pst = {ppublish},
	Volume = {344},
	Year = {2014},
	Bdsk-File-1 = {YnBsaXN0MDDUAQIDBAUGJCVYJHZlcnNpb25YJG9iamVjdHNZJGFyY2hpdmVyVCR0b3ASAAGGoKgHCBMUFRYaIVUkbnVsbNMJCgsMDxJXTlMua2V5c1pOUy5vYmplY3RzViRjbGFzc6INDoACgAOiEBGABIAFgAdccmVsYXRpdmVQYXRoWWFsaWFzRGF0YW8QSQAuAC4ALwAuAC4ALwBOAG8AdQB2AGUAbABsAGUAIABiAGkAYgBsAGkAbwBnAHIAYQBwAGgAaQBlAC8AUABpAG0AbQAgAGUAdAAgAGEAbAAuACAAMgAwADEANAAgAGUAeAB0AGkAbgBjAHQAaQBvAG4AIABkAGUAcwAgAGUAcwBwAGUDAABjAGUAcwAuAHAAZABm0hcLGBlXTlMuZGF0YU8RApIAAAAAApIAAgAADE1hY2ludG9zaCBIRAAAAAAAAAAAAAAAAAAAAM/UMiBIKwAAAGqQJh9QaW1tIGV0IGFsLiAyMDE0IGV4dCM2RUQyNEUucGRmAAAAAAAAAAAAAAAAAAAAAAAAAAAAAAAAAAAAAAAAAAAAbtJO0uENaAAAAAAAAAAAAAIAAgAACSAAAAAAAAAAAAAAAAAAAAAWTm91dmVsbGUgYmlibGlvZ3JhcGhpZQAQAAgAAM/UFgAAAAARAAgAANLg/1gAAAABACAAapAmACa+6gArADMACj97AAo+nwAJNmwACTZrAAJm+QACAIxNYWNpbnRvc2ggSEQ6VXNlcnM6AHBpZXJyZS1sb3Vpc3N0ZW5nZXI6AERvY3VtZW50czoAQ291cnMgZmFjOgBNYXN0ZXI6AFMzOgBTdGFnZSBNMjoATm91dmVsbGUgYmlibGlvZ3JhcGhpZToAUGltbSBldCBhbC4gMjAxNCBleHQjNkVEMjRFLnBkZgAOAFoALABQAGkAbQBtACAAZQB0ACAAYQBsAC4AIAAyADAAMQA0ACAAZQB4AHQAaQBuAGMAdABpAG8AbgAgAGQAZQBzACAAZQBzAHAAZQMAAGMAZQBzAC4AcABkAGYADwAaAAwATQBhAGMAaQBuAHQAbwBzAGgAIABIAEQAEgCFVXNlcnMvcGllcnJlLWxvdWlzc3Rlbmdlci9Eb2N1bWVudHMvQ291cnMgZmFjL01hc3Rlci9TMy9TdGFnZSBNMi9Ob3V2ZWxsZSBiaWJsaW9ncmFwaGllL1BpbW0gZXQgYWwuIDIwMTQgZXh0aW5jdGlvbiBkZXMgZXNwZcyAY2VzLnBkZgAAEwABLwAAFQACABr//wAAgAbSGxwdHlokY2xhc3NuYW1lWCRjbGFzc2VzXU5TTXV0YWJsZURhdGGjHR8gVk5TRGF0YVhOU09iamVjdNIbHCIjXE5TRGljdGlvbmFyeaIiIF8QD05TS2V5ZWRBcmNoaXZlctEmJ1Ryb290gAEACAARABoAIwAtADIANwBAAEYATQBVAGAAZwBqAGwAbgBxAHMAdQB3AIQAjgEjASgBMAPGA8gDzQPYA+ED7wPzA/oEAwQIBBUEGAQqBC0EMgAAAAAAAAIBAAAAAAAAACgAAAAAAAAAAAAAAAAAAAQ0}}

@article{Lowther2014,
	Author = {Lowther-Thieleking, J and Archer, F and Lang, A and Weller, D},
	Date-Added = {2016-06-09 16:11:28 +0000},
	Date-Modified = {2016-06-14 12:17:42 +0000},
	Journal = {Marine Mammal Science},
	Keywords = {Wiley Online Library},
	Pages = {1--20},
	Volume = {31},
	Year = {2014},
	Bdsk-File-1 = {YnBsaXN0MDDUAQIDBAUGJCVYJHZlcnNpb25YJG9iamVjdHNZJGFyY2hpdmVyVCR0b3ASAAGGoKgHCBMUFRYaIVUkbnVsbNMJCgsMDxJXTlMua2V5c1pOUy5vYmplY3RzViRjbGFzc6INDoACgAOiEBGABIAFgAdccmVsYXRpdmVQYXRoWWFsaWFzRGF0YV8QPi4uLy4uL1JhcHBvcnQvQmlibGlvZ3JhcGhpZS9Mb3d0aGVyLVRoaWVsZWtpbmcgZXQgYWwuIDIwMTQucGRm0hcLGBlXTlMuZGF0YU8RAm4AAAAAAm4AAgAADE1hY2ludG9zaCBIRAAAAAAAAAAAAAAAAAAAAM/UMiBIKwAAAI1qmB9Mb3d0aGVyLVRoaWVsZWtpbmcgZSNBMjg4NjAucGRmAAAAAAAAAAAAAAAAAAAAAAAAAAAAAAAAAAAAAAAAAAAAoohg03IV3QAAAAAAAAAAAAIAAwAACSAAAAAAAAAAAAAAAAAAAAANQmlibGlvZ3JhcGhpZQAAEAAIAADP1BYAAAAAEQAIAADTcfm9AAAAAQAkAI1qmAB7IZUAJr7qACsAMwAKP3sACj6fAAk2bAAJNmsAAmb5AAIAjE1hY2ludG9zaCBIRDpVc2VyczoAcGllcnJlLWxvdWlzc3RlbmdlcjoARG9jdW1lbnRzOgBDb3VycyBmYWM6AE1hc3RlcjoAUzM6AFN0YWdlIE0yOgBSYXBwb3J0OgBCaWJsaW9ncmFwaGllOgBMb3d0aGVyLVRoaWVsZWtpbmcgZSNBMjg4NjAucGRmAA4ARgAiAEwAbwB3AHQAaABlAHIALQBUAGgAaQBlAGwAZQBrAGkAbgBnACAAZQB0ACAAYQBsAC4AIAAyADAAMQA0AC4AcABkAGYADwAaAAwATQBhAGMAaQBuAHQAbwBzAGgAIABIAEQAEgB5VXNlcnMvcGllcnJlLWxvdWlzc3Rlbmdlci9Eb2N1bWVudHMvQ291cnMgZmFjL01hc3Rlci9TMy9TdGFnZSBNMi9SYXBwb3J0L0JpYmxpb2dyYXBoaWUvTG93dGhlci1UaGllbGVraW5nIGV0IGFsLiAyMDE0LnBkZgAAEwABLwAAFQACABr//wAAgAbSGxwdHlokY2xhc3NuYW1lWCRjbGFzc2VzXU5TTXV0YWJsZURhdGGjHR8gVk5TRGF0YVhOU09iamVjdNIbHCIjXE5TRGljdGlvbmFyeaIiIF8QD05TS2V5ZWRBcmNoaXZlctEmJ1Ryb290gAEACAARABoAIwAtADIANwBAAEYATQBVAGAAZwBqAGwAbgBxAHMAdQB3AIQAjgDPANQA3ANOA1ADVQNgA2kDdwN7A4IDiwOQA50DoAOyA7UDugAAAAAAAAIBAAAAAAAAACgAAAAAAAAAAAAAAAAAAAO8}}

@article{ansmann2012dolphins,
	Author = {Anmann Ina, C. and Parra, Guido J. and Lanyon, Janet M. and Seddon, Jennifer M.},
	Date-Added = {2016-06-09 16:11:23 +0000},
	Date-Modified = {2016-06-14 12:17:16 +0000},
	Journal = {Animal Behaviour},
	Pages = {575--581},
	Publisher = {Elsevier},
	Volume = {84},
	Year = {2012},
	Bdsk-File-1 = {YnBsaXN0MDDUAQIDBAUGJCVYJHZlcnNpb25YJG9iamVjdHNZJGFyY2hpdmVyVCR0b3ASAAGGoKgHCBMUFRYaIVUkbnVsbNMJCgsMDxJXTlMua2V5c1pOUy5vYmplY3RzViRjbGFzc6INDoACgAOiEBGABIAFgAdccmVsYXRpdmVQYXRoWWFsaWFzRGF0YV8QQS4uLy4uL1JhcHBvcnQvQmlibGlvZ3JhcGhpZS9BbnNtYW5uLTIwMTItRmluZS1zY2FsZSBnZW5ldGljIHAucGRm0hcLGBlXTlMuZGF0YU8RAnYAAAAAAnYAAgAADE1hY2ludG9zaCBIRAAAAAAAAAAAAAAAAAAAAM/UMiBIKwAAAI1qmB9BbnNtYW5uLTIwMTItRmluZS1zYyNBM0FEMDQucGRmAAAAAAAAAAAAAAAAAAAAAAAAAAAAAAAAAAAAAAAAAAAAo60E03RwnQAAAAAAAAAAAAIAAwAACSAAAAAAAAAAAAAAAAAAAAANQmlibGlvZ3JhcGhpZQAAEAAIAADP1BYAAAAAEQAIAADTdFR9AAAAAQAkAI1qmAB7IZUAJr7qACsAMwAKP3sACj6fAAk2bAAJNmsAAmb5AAIAjE1hY2ludG9zaCBIRDpVc2VyczoAcGllcnJlLWxvdWlzc3RlbmdlcjoARG9jdW1lbnRzOgBDb3VycyBmYWM6AE1hc3RlcjoAUzM6AFN0YWdlIE0yOgBSYXBwb3J0OgBCaWJsaW9ncmFwaGllOgBBbnNtYW5uLTIwMTItRmluZS1zYyNBM0FEMDQucGRmAA4ATAAlAEEAbgBzAG0AYQBuAG4ALQAyADAAMQAyAC0ARgBpAG4AZQAtAHMAYwBhAGwAZQAgAGcAZQBuAGUAdABpAGMAIABwAC4AcABkAGYADwAaAAwATQBhAGMAaQBuAHQAbwBzAGgAIABIAEQAEgB8VXNlcnMvcGllcnJlLWxvdWlzc3Rlbmdlci9Eb2N1bWVudHMvQ291cnMgZmFjL01hc3Rlci9TMy9TdGFnZSBNMi9SYXBwb3J0L0JpYmxpb2dyYXBoaWUvQW5zbWFubi0yMDEyLUZpbmUtc2NhbGUgZ2VuZXRpYyBwLnBkZgATAAEvAAAVAAIAGv//AACABtIbHB0eWiRjbGFzc25hbWVYJGNsYXNzZXNdTlNNdXRhYmxlRGF0YaMdHyBWTlNEYXRhWE5TT2JqZWN00hscIiNcTlNEaWN0aW9uYXJ5oiIgXxAPTlNLZXllZEFyY2hpdmVy0SYnVHJvb3SAAQAIABEAGgAjAC0AMgA3AEAARgBNAFUAYABnAGoAbABuAHEAcwB1AHcAhACOANIA1wDfA1kDWwNgA2sDdAOCA4YDjQOWA5sDqAOrA70DwAPFAAAAAAAAAgEAAAAAAAAAKAAAAAAAAAAAAAAAAAAAA8c=}}

@article{natoli2005habitat,
	Author = {Natoli, Ada and Birkun, Alexei and Aguilar, Alex and Lopez, Alfredo and Hoelzel, A Rus},
	Date-Added = {2016-06-09 16:11:18 +0000},
	Date-Modified = {2016-06-14 12:17:51 +0000},
	Journal = {Proceedings of the Royal Society of London: Biological Sciences},
	Pages = {1217--1226},
	Publisher = {The Royal Society},
	Volume = {272},
	Year = {2005},
	Bdsk-File-1 = {YnBsaXN0MDDUAQIDBAUGJCVYJHZlcnNpb25YJG9iamVjdHNZJGFyY2hpdmVyVCR0b3ASAAGGoKgHCBMUFRYaIVUkbnVsbNMJCgsMDxJXTlMua2V5c1pOUy5vYmplY3RzViRjbGFzc6INDoACgAOiEBGABIAFgAdccmVsYXRpdmVQYXRoWWFsaWFzRGF0YV8QMy4uLy4uL1JhcHBvcnQvQmlibGlvZ3JhcGhpZS9OYXRvbGkgZXQgYWwsIDIwMDUgLnBkZtIXCxgZV05TLmRhdGFPEQJEAAAAAAJEAAIAAAxNYWNpbnRvc2ggSEQAAAAAAAAAAAAAAAAAAADP1DIgSCsAAACNapgXTmF0b2xpIGV0IGFsLCAyMDA1IC5wZGYAAAAAAAAAAAAAAAAAAAAAAAAAAAAAAAAAAAAAAAAAAAAAAAAAAAAAAKNoc9NzvBsAAAAAAAAAAAACAAMAAAkgAAAAAAAAAAAAAAAAAAAADUJpYmxpb2dyYXBoaWUAABAACAAAz9QWAAAAABEACAAA03Of+wAAAAEAJACNapgAeyGVACa+6gArADMACj97AAo+nwAJNmwACTZrAAJm+QACAIRNYWNpbnRvc2ggSEQ6VXNlcnM6AHBpZXJyZS1sb3Vpc3N0ZW5nZXI6AERvY3VtZW50czoAQ291cnMgZmFjOgBNYXN0ZXI6AFMzOgBTdGFnZSBNMjoAUmFwcG9ydDoAQmlibGlvZ3JhcGhpZToATmF0b2xpIGV0IGFsLCAyMDA1IC5wZGYADgAwABcATgBhAHQAbwBsAGkAIABlAHQAIABhAGwALAAgADIAMAAwADUAIAAuAHAAZABmAA8AGgAMAE0AYQBjAGkAbgB0AG8AcwBoACAASABEABIAblVzZXJzL3BpZXJyZS1sb3Vpc3N0ZW5nZXIvRG9jdW1lbnRzL0NvdXJzIGZhYy9NYXN0ZXIvUzMvU3RhZ2UgTTIvUmFwcG9ydC9CaWJsaW9ncmFwaGllL05hdG9saSBldCBhbCwgMjAwNSAucGRmABMAAS8AABUAAgAa//8AAIAG0hscHR5aJGNsYXNzbmFtZVgkY2xhc3Nlc11OU011dGFibGVEYXRhox0fIFZOU0RhdGFYTlNPYmplY3TSGxwiI1xOU0RpY3Rpb25hcnmiIiBfEA9OU0tleWVkQXJjaGl2ZXLRJidUcm9vdIABAAgAEQAaACMALQAyADcAQABGAE0AVQBgAGcAagBsAG4AcQBzAHUAdwCEAI4AxADJANEDGQMbAyADKwM0A0IDRgNNA1YDWwNoA2sDfQOAA4UAAAAAAAACAQAAAAAAAAAoAAAAAAAAAAAAAAAAAAADhw==}}

@article{sellas2005mitochondrial,
	Author = {Sellas, Anna B and Wells, Randall S and Rosel, Patricia E},
	Date-Added = {2016-06-09 16:11:09 +0000},
	Date-Modified = {2016-06-14 12:18:09 +0000},
	Journal = {Conservation Genetics},
	Pages = {715--728},
	Publisher = {Springer},
	Volume = {6},
	Year = {2005}}

@article{hoelzel1998genetic,
	Author = {Hoelzel, A Rus and Potter, Charles W and Best, Peter B},
	Date-Added = {2016-06-09 16:11:04 +0000},
	Date-Modified = {2016-06-14 12:17:25 +0000},
	Journal = {Proceedings of the Royal Society of London B: Biological Sciences},
	Pages = {1177--1183},
	Publisher = {The Royal Society},
	Volume = {265},
	Year = {1998},
	Bdsk-File-1 = {YnBsaXN0MDDUAQIDBAUGJCVYJHZlcnNpb25YJG9iamVjdHNZJGFyY2hpdmVyVCR0b3ASAAGGoKgHCBMUFRYaIVUkbnVsbNMJCgsMDxJXTlMua2V5c1pOUy5vYmplY3RzViRjbGFzc6INDoACgAOiEBGABIAFgAdccmVsYXRpdmVQYXRoWWFsaWFzRGF0YV8QLC4uLy4uL1JhcHBvcnQvQmlibGlvZ3JhcGhpZS9Ib2VsemVsIDE5OTgucGRm0hcLGBlXTlMuZGF0YU8RAioAAAAAAioAAgAADE1hY2ludG9zaCBIRAAAAAAAAAAAAAAAAAAAAM/UMiBIKwAAAI1qmBBIb2VsemVsIDE5OTgucGRmAAAAAAAAAAAAAAAAAAAAAAAAAAAAAAAAAAAAAAAAAAAAAAAAAAAAAAAAAAAAAAAAo2dC03O69QAAAAAAAAAAAAIAAwAACSAAAAAAAAAAAAAAAAAAAAANQmlibGlvZ3JhcGhpZQAAEAAIAADP1BYAAAAAEQAIAADTc57VAAAAAQAkAI1qmAB7IZUAJr7qACsAMwAKP3sACj6fAAk2bAAJNmsAAmb5AAIAfU1hY2ludG9zaCBIRDpVc2VyczoAcGllcnJlLWxvdWlzc3RlbmdlcjoARG9jdW1lbnRzOgBDb3VycyBmYWM6AE1hc3RlcjoAUzM6AFN0YWdlIE0yOgBSYXBwb3J0OgBCaWJsaW9ncmFwaGllOgBIb2VsemVsIDE5OTgucGRmAAAOACIAEABIAG8AZQBsAHoAZQBsACAAMQA5ADkAOAAuAHAAZABmAA8AGgAMAE0AYQBjAGkAbgB0AG8AcwBoACAASABEABIAZ1VzZXJzL3BpZXJyZS1sb3Vpc3N0ZW5nZXIvRG9jdW1lbnRzL0NvdXJzIGZhYy9NYXN0ZXIvUzMvU3RhZ2UgTTIvUmFwcG9ydC9CaWJsaW9ncmFwaGllL0hvZWx6ZWwgMTk5OC5wZGYAABMAAS8AABUAAgAa//8AAIAG0hscHR5aJGNsYXNzbmFtZVgkY2xhc3Nlc11OU011dGFibGVEYXRhox0fIFZOU0RhdGFYTlNPYmplY3TSGxwiI1xOU0RpY3Rpb25hcnmiIiBfEA9OU0tleWVkQXJjaGl2ZXLRJidUcm9vdIABAAgAEQAaACMALQAyADcAQABGAE0AVQBgAGcAagBsAG4AcQBzAHUAdwCEAI4AvQDCAMoC+AL6Av8DCgMTAyEDJQMsAzUDOgNHA0oDXANfA2QAAAAAAAACAQAAAAAAAAAoAAAAAAAAAAAAAAAAAAADZg==}}

@article{moller2004genetic,
	Author = {M{\"o}ller, Luciana M and Beheregaray, Luciano B},
	Date-Added = {2016-06-09 16:10:57 +0000},
	Date-Modified = {2016-06-14 12:17:46 +0000},
	Journal = {Molecular Ecology},
	Pages = {1607--1612},
	Publisher = {Wiley Online Library},
	Volume = {13},
	Year = {2004},
	Bdsk-File-1 = {YnBsaXN0MDDUAQIDBAUGJCVYJHZlcnNpb25YJG9iamVjdHNZJGFyY2hpdmVyVCR0b3ASAAGGoKgHCBMUFRYaIVUkbnVsbNMJCgsMDxJXTlMua2V5c1pOUy5vYmplY3RzViRjbGFzc6INDoACgAOiEBGABIAFgAdccmVsYXRpdmVQYXRoWWFsaWFzRGF0YW8QPAAuAC4ALwAuAC4ALwBSAGEAcABwAG8AcgB0AC8AQgBpAGIAbABpAG8AZwByAGEAcABoAGkAZQAvAE0AbwMIAGwAbABlAHIAIABlAHQAIABCAGUAaABlAHIAZQBnAGEAcgBhAHkALAAgADIAMAAwADQALgBwAGQAZtIXCxgZV05TLmRhdGFPEQJoAAAAAAJoAAIAAAxNYWNpbnRvc2ggSEQAAAAAAAAAAAAAAAAAAADP1DIgSCsAAACNapgfTZpsbGVyIGV0IEJlaGVyZWdhcmF5LCAyMDA0LnBkZgAAAAAAAAAAAAAAAAAAAAAAAAAAAAAAAAAAAAAAAAAAAKNoJtNzu8UAAAAAAAAAAAACAAMAAAkgAAAAAAAAAAAAAAAAAAAADUJpYmxpb2dyYXBoaWUAABAACAAAz9QWAAAAABEACAAA03OfpQAAAAEAJACNapgAeyGVACa+6gArADMACj97AAo+nwAJNmwACTZrAAJm+QACAIxNYWNpbnRvc2ggSEQ6VXNlcnM6AHBpZXJyZS1sb3Vpc3N0ZW5nZXI6AERvY3VtZW50czoAQ291cnMgZmFjOgBNYXN0ZXI6AFMzOgBTdGFnZSBNMjoAUmFwcG9ydDoAQmlibGlvZ3JhcGhpZToATZpsbGVyIGV0IEJlaGVyZWdhcmF5LCAyMDA0LnBkZgAOAEIAIABNAG8DCABsAGwAZQByACAAZQB0ACAAQgBlAGgAZQByAGUAZwBhAHIAYQB5ACwAIAAyADAAMAA0AC4AcABkAGYADwAaAAwATQBhAGMAaQBuAHQAbwBzAGgAIABIAEQAEgB4VXNlcnMvcGllcnJlLWxvdWlzc3Rlbmdlci9Eb2N1bWVudHMvQ291cnMgZmFjL01hc3Rlci9TMy9TdGFnZSBNMi9SYXBwb3J0L0JpYmxpb2dyYXBoaWUvTW/MiGxsZXIgZXQgQmVoZXJlZ2FyYXksIDIwMDQucGRmABMAAS8AABUAAgAa//8AAIAG0hscHR5aJGNsYXNzbmFtZVgkY2xhc3Nlc11OU011dGFibGVEYXRhox0fIFZOU0RhdGFYTlNPYmplY3TSGxwiI1xOU0RpY3Rpb25hcnmiIiBfEA9OU0tleWVkQXJjaGl2ZXLRJidUcm9vdIABAAgAEQAaACMALQAyADcAQABGAE0AVQBgAGcAagBsAG4AcQBzAHUAdwCEAI4BCQEOARYDggOEA4kDlAOdA6sDrwO2A78DxAPRA9QD5gPpA+4AAAAAAAACAQAAAAAAAAAoAAAAAAAAAAAAAAAAAAAD8A==}}

@article{krutzen2004population,
	Author = {Kr{\"u}tzen, Michael and Sherwin, William B and Berggren, Per and Gales, Nick},
	Date-Added = {2016-06-09 16:10:52 +0000},
	Date-Modified = {2016-06-14 12:17:34 +0000},
	Journal = {Marine Mammal Science},
	Pages = {28--47},
	Publisher = {Wiley Online Library},
	Volume = {20},
	Year = {2004},
	Bdsk-File-1 = {YnBsaXN0MDDUAQIDBAUGJCVYJHZlcnNpb25YJG9iamVjdHNZJGFyY2hpdmVyVCR0b3ASAAGGoKgHCBMUFRYaIVUkbnVsbNMJCgsMDxJXTlMua2V5c1pOUy5vYmplY3RzViRjbGFzc6INDoACgAOiEBGABIAFgAdccmVsYXRpdmVQYXRoWWFsaWFzRGF0YW8QSwAuAC4ALwAuAC4ALwBSAGEAcABwAG8AcgB0AC8AQgBpAGIAbABpAG8AZwByAGEAcABoAGkAZQAvAEsAcgB1AwgAdAB6AGUAbgAgAGUAdAAgAGEAbAAuACAAMgAwADAANAAgAC0AIABQAG8AcAB1AGwAYQB0AGkAbwBuACAAcwB0AHIAdQBjAHQAdQByAGUALgBwAGQAZtIXCxgZV05TLmRhdGFPEQKWAAAAAAKWAAIAAAxNYWNpbnRvc2ggSEQAAAAAAAAAAAAAAAAAAADP1DIgSCsAAACNapgfS3KfdHplbiBldCBhbC4gMjAwNCAjQTM2N0NGLnBkZgAAAAAAAAAAAAAAAAAAAAAAAAAAAAAAAAAAAAAAAAAAAKNnz9Nzu3kAAAAAAAAAAAACAAMAAAkgAAAAAAAAAAAAAAAAAAAADUJpYmxpb2dyYXBoaWUAABAACAAAz9QWAAAAABEACAAA03OfWQAAAAEAJACNapgAeyGVACa+6gArADMACj97AAo+nwAJNmwACTZrAAJm+QACAIxNYWNpbnRvc2ggSEQ6VXNlcnM6AHBpZXJyZS1sb3Vpc3N0ZW5nZXI6AERvY3VtZW50czoAQ291cnMgZmFjOgBNYXN0ZXI6AFMzOgBTdGFnZSBNMjoAUmFwcG9ydDoAQmlibGlvZ3JhcGhpZToAS3KfdHplbiBldCBhbC4gMjAwNCAjQTM2N0NGLnBkZgAOAGAALwBLAHIAdQMIAHQAegBlAG4AIABlAHQAIABhAGwALgAgADIAMAAwADQAIAAtACAAUABvAHAAdQBsAGEAdABpAG8AbgAgAHMAdAByAHUAYwB0AHUAcgBlAC4AcABkAGYADwAaAAwATQBhAGMAaQBuAHQAbwBzAGgAIABIAEQAEgCHVXNlcnMvcGllcnJlLWxvdWlzc3Rlbmdlci9Eb2N1bWVudHMvQ291cnMgZmFjL01hc3Rlci9TMy9TdGFnZSBNMi9SYXBwb3J0L0JpYmxpb2dyYXBoaWUvS3J1zIh0emVuIGV0IGFsLiAyMDA0IC0gUG9wdWxhdGlvbiBzdHJ1Y3R1cmUucGRmAAATAAEvAAAVAAIAGv//AACABtIbHB0eWiRjbGFzc25hbWVYJGNsYXNzZXNdTlNNdXRhYmxlRGF0YaMdHyBWTlNEYXRhWE5TT2JqZWN00hscIiNcTlNEaWN0aW9uYXJ5oiIgXxAPTlNLZXllZEFyY2hpdmVy0SYnVHJvb3SAAQAIABEAGgAjAC0AMgA3AEAARgBNAFUAYABnAGoAbABuAHEAcwB1AHcAhACOAScBLAE0A84D0APVA+AD6QP3A/sEAgQLBBAEHQQgBDIENQQ6AAAAAAAAAgEAAAAAAAAAKAAAAAAAAAAAAAAAAAAABDw=}}

@article{louis2014,
	Author = {Louis, M. and Viriciel, A. and Lucas, T. and Peltier, H. and Alfonsi, E. and Berrow, S. and Brownlow, A. and Covelo, P. and Dabin, W. and Deaville, R. and DeStephanis, R. and Gally, F. and Gauffier, P. and Penrose, R. and Silva, M. and Guinet C. and Simon-Bouhet B.},
	Date-Added = {2016-06-09 16:10:47 +0000},
	Date-Modified = {2016-06-14 12:17:38 +0000},
	Journal = {Molecular Ecology},
	Keywords = {Wiley Online Library},
	Pages = {857--874},
	Volume = {23},
	Year = {2014},
	Bdsk-File-1 = {YnBsaXN0MDDUAQIDBAUGJCVYJHZlcnNpb25YJG9iamVjdHNZJGFyY2hpdmVyVCR0b3ASAAGGoKgHCBMUFRYaIVUkbnVsbNMJCgsMDxJXTlMua2V5c1pOUy5vYmplY3RzViRjbGFzc6INDoACgAOiEBGABIAFgAdccmVsYXRpdmVQYXRoWWFsaWFzRGF0YV8QNy4uLy4uL1JhcHBvcnQvQmlibGlvZ3JhcGhpZS9Mb3Vpc19ldGFsXzIwMTRfTW9sRWNvbC5wZGbSFwsYGVdOUy5kYXRhTxECVAAAAAACVAACAAAMTWFjaW50b3NoIEhEAAAAAAAAAAAAAAAAAAAAz9QyIEgrAAAAjWqYG0xvdWlzX2V0YWxfMjAxNF9Nb2xFY29sLnBkZgAAAAAAAAAAAAAAAAAAAAAAAAAAAAAAAAAAAAAAAAAAAAAAAACPRnDTRS9dUERGIAAAAAAAAgADAAAJIAAAAAAAAAAAAAAAAAAAAA1CaWJsaW9ncmFwaGllAAAQAAgAAM/UFgAAAAARAAgAANNFEz0AAAABACQAjWqYAHshlQAmvuoAKwAzAAo/ewAKPp8ACTZsAAk2awACZvkAAgCITWFjaW50b3NoIEhEOlVzZXJzOgBwaWVycmUtbG91aXNzdGVuZ2VyOgBEb2N1bWVudHM6AENvdXJzIGZhYzoATWFzdGVyOgBTMzoAU3RhZ2UgTTI6AFJhcHBvcnQ6AEJpYmxpb2dyYXBoaWU6AExvdWlzX2V0YWxfMjAxNF9Nb2xFY29sLnBkZgAOADgAGwBMAG8AdQBpAHMAXwBlAHQAYQBsAF8AMgAwADEANABfAE0AbwBsAEUAYwBvAGwALgBwAGQAZgAPABoADABNAGEAYwBpAG4AdABvAHMAaAAgAEgARAASAHJVc2Vycy9waWVycmUtbG91aXNzdGVuZ2VyL0RvY3VtZW50cy9Db3VycyBmYWMvTWFzdGVyL1MzL1N0YWdlIE0yL1JhcHBvcnQvQmlibGlvZ3JhcGhpZS9Mb3Vpc19ldGFsXzIwMTRfTW9sRWNvbC5wZGYAEwABLwAAFQACABr//wAAgAbSGxwdHlokY2xhc3NuYW1lWCRjbGFzc2VzXU5TTXV0YWJsZURhdGGjHR8gVk5TRGF0YVhOU09iamVjdNIbHCIjXE5TRGljdGlvbmFyeaIiIF8QD05TS2V5ZWRBcmNoaXZlctEmJ1Ryb290gAEACAARABoAIwAtADIANwBAAEYATQBVAGAAZwBqAGwAbgBxAHMAdQB3AIQAjgDIAM0A1QMtAy8DNAM/A0gDVgNaA2EDagNvA3wDfwORA5QDmQAAAAAAAAIBAAAAAAAAACgAAAAAAAAAAAAAAAAAAAOb}}
